@article{fernandez-vigo_computational_2018,
	title = {Computational simulation of aqueous humour dynamics in the presence of a posterior-chamber versus iris-fixed phakic intraocular lens},
	volume = {13},
	issn = {1932-6203},
	url = {https://dx.plos.org/10.1371/journal.pone.0202128},
	doi = {10.1371/journal.pone.0202128},
	language = {en},
	number = {8},
	journal = {PLOS ONE},
	author = {Fernández-Vigo, José Ignacio and Marcos, Alfonso C. and Agujetas, Rafael and Montanero, José María and Sánchez-Guillén, Inés and García-Feijóo, Julián and Pandal-Blanco, Adrián and Fernández-Vigo, José Ángel and Macarro-Merino, Ana},
	editor = {Liton, Paloma B.},
	month = aug,
	year = {2018},
	pages = {e0202128},
}

@article{kudsieh_numerical_2020,
	title = {Numerical model to predict and compare the hypotensive efficacy and safety of minimally invasive glaucoma surgery devices},
	volume = {15},
	issn = {1932-6203},
	url = {https://dx.plos.org/10.1371/journal.pone.0239324},
	doi = {10.1371/journal.pone.0239324},
	language = {en},
	number = {9},
	journal = {PLOS ONE},
	author = {Kudsieh, Bachar and Fernández-Vigo, Jose Ignacio and Agujetas, Rafael and Montanero, Jose María and Ruiz-Moreno, Jose María and Fernández-Vigo, Jose Ángel and García-Feijóo, Julián},
	editor = {Awadein, Ahmed},
	month = sep,
	year = {2020},
	pages = {e0239324},
}

@article{repetto_phakic_2015,
	title = {Phakic {Iris}-{Fixated} {Intraocular} {Lens} {Placement} in the {Anterior} {Chamber}: {Effects} on {Aqueous} {Flow}},
	volume = {56},
	issn = {1552-5783},
	shorttitle = {Phakic {Iris}-{Fixated} {Intraocular} {Lens} {Placement} in the {Anterior} {Chamber}},
	url = {http://iovs.arvojournals.org/article.aspx?doi=10.1167/iovs.14-16118},
	doi = {10.1167/iovs.14-16118},
	language = {en},
	number = {5},
	journal = {Investigative Ophthalmology \& Visual Science},
	author = {Repetto, Rodolfo and Pralits, Jan O. and Siggers, Jennifer H. and Soleri, Paolo},
	month = may,
	year = {2015},
	pages = {3061},
}

@article{qin_aqueous_2021,
	title = {Aqueous humor dynamics in human eye: {A} lattice {Boltzmann} study},
	volume = {18},
	issn = {1551-0018},
	shorttitle = {Aqueous humor dynamics in human eye},
	url = {http://www.aimspress.com/article/doi/10.3934/mbe.2021255},
	doi = {10.3934/mbe.2021255},
	number = {5},
	journal = {Mathematical Biosciences and Engineering},
	author = {Qin, Zhangrong and Meng, Lingjuan and Yang, Fan and Zhang, Chaoying and Wen, Binghai and {Guangxi Key Lab of Multi-source Information Mining \&amp; Security, Guangxi Normal University, Guilin 541004, China} and {Ophthalmology Department, Nanxishan Hospital of Guangxi Zhuang Autonomous Region, Guilin 541002, China}},
	year = {2021},
	pages = {5006--5028},
}

@misc{prudhomme_feelppfeelpp_2024,
	title = {feelpp/feelpp: {Feel}++ {Release} {V111} preview.10},
	copyright = {Creative Commons Attribution 4.0 International, GNU Lesser General Public License v3.0 or later, GNU General Public License v3.0 or later},
	shorttitle = {feelpp/feelpp},
	url = {https://zenodo.org/doi/10.5281/zenodo.12742155},
	abstract = {We're happy to share our developments as we approach the V111 release of Feel++. Enjoy! Full Changelog: https://github.com/feelpp/feelpp/compare/v0.111.0-preview.9...v0.111.0-preview.10},
	publisher = {Zenodo},
	author = {Prud'homme, Christophe and Chabannes, Vincent and Saigre, Thomas and Trophime, Christophe and Berti, Luca and Samaké, Abdoulaye and Van Landeghem, Céline and Szopos, Marcela and Giraldi, Laetitia and Bertoluzza, Silvia and Maday, Yvon},
	month = jul,
	year = {2024},
	doi = {10.5281/ZENODO.12742155},
}

@article{ooi_simulation_2008,
	title = {Simulation of aqueous humor hydrodynamics in human eye heat transfer},
	volume = {38},
	issn = {00104825},
	url = {https://linkinghub.elsevier.com/retrieve/pii/S001048250700176X},
	doi = {10.1016/j.compbiomed.2007.10.007},
	language = {en},
	number = {2},
	journal = {Computers in Biology and Medicine},
	author = {Ooi, Ean-Hin and Ng, Eddie Yin-Kwee},
	month = feb,
	year = {2008},
	pages = {252--262},
	file = {Ooi et Ng - 2008 - Simulation of aqueous humor hydrodynamics in human.pdf:/home/saigre/snap/zotero-snap/common/Zotero/storage/3C6JE3XX/Ooi et Ng - 2008 - Simulation of aqueous humor hydrodynamics in human.pdf:application/pdf},
}